% This file was created with JabRef 2.9.2.
% Encoding: US-ASCII

@BOOK{peskin,
  title = {An Introduction to Quantum Field Theory},
  publisher = {Westview Press},
  year = {1995},
  author = {M.E. Peskin, D.V. Schroeder}
}

